<record><leader>00000cas a22000007a 4500</leader><controlfield tag="001">10197372</controlfield><controlfield tag="008">831207d19791984aruwr ne      0   a0eng d</controlfield><datafield ind1=" " ind2=" " tag="010"><subfield code="a">sn 83005362 </subfield></datafield><datafield ind1=" " ind2=" " tag="040"><subfield code="a">NSD</subfield><subfield code="b">eng</subfield><subfield code="c">NSD</subfield><subfield code="d">ANU</subfield><subfield code="d">OCLCQ</subfield><subfield code="d">OCLCF</subfield><subfield code="d">OCLCO</subfield></datafield><datafield ind1=" " ind2=" " tag="012"><subfield code="m">1</subfield></datafield><datafield ind1="1" ind2=" " tag="022"><subfield code="a">0746-6234</subfield><subfield code="l">0746-6234</subfield><subfield code="2">1</subfield></datafield><datafield ind1=" " ind2=" " tag="032"><subfield code="a">707730</subfield><subfield code="b">USPS</subfield></datafield><datafield ind1=" " ind2=" " tag="037"><subfield code="b">Izard County Newspapers, Inc., P.O. Box 308, Melbourne, AR 72556</subfield></datafield><datafield ind1=" " ind2=" " tag="042"><subfield code="a">nsdp</subfield></datafield><datafield ind1=" " ind2=" " tag="043"><subfield code="a">n-us-ar</subfield></datafield><datafield ind1=" " ind2="0" tag="222"><subfield code="a">Horseshoe Bend news</subfield></datafield><datafield ind1="0" ind2="4" tag="245"><subfield code="a">The Horseshoe Bend news.</subfield></datafield><datafield ind1=" " ind2=" " tag="260"><subfield code="a">Horseshoe Bend, Ark. :</subfield><subfield code="b">[P.M. Dutton]</subfield></datafield><datafield ind1=" " ind2=" " tag="300"><subfield code="a">v.</subfield></datafield><datafield ind1=" " ind2=" " tag="310"><subfield code="a">Weekly</subfield></datafield><datafield ind1="0" ind2=" " tag="362"><subfield code="a">Vol. 1, no. 1 (Mar. 22, 1979)-</subfield></datafield><datafield ind1="1" ind2=" " tag="362"><subfield code="a">Ceased in Feb. 1984.</subfield></datafield><datafield ind1=" " ind2=" " tag="580"><subfield code="a">Merged with: Melbourne times, and: Calico Rock progress, to form: Times progress.</subfield></datafield><datafield ind1=" " ind2="0" tag="650"><subfield code="a">Planned communities</subfield><subfield code="z">Arkansas</subfield><subfield code="z">Horseshoe Bend</subfield><subfield code="v">Newspapers.</subfield></datafield><datafield ind1=" " ind2="4" tag="651"><subfield code="a">Horseshoe Bend (Ark.)</subfield><subfield code="v">Newspapers.</subfield></datafield><datafield ind1=" " ind2="4" tag="651"><subfield code="a">Izard County (Ark.)</subfield><subfield code="v">Newspapers.</subfield></datafield><datafield ind1=" " ind2="7" tag="655"><subfield code="a">Newspapers.</subfield><subfield code="2">fast</subfield><subfield code="0">(OCoLC)fst01423814</subfield></datafield><datafield ind1=" " ind2="7" tag="650"><subfield code="a">Planned communities.</subfield><subfield code="2">fast</subfield><subfield code="0">(OCoLC)fst01065198</subfield></datafield><datafield ind1=" " ind2="7" tag="651"><subfield code="a">Arkansas</subfield><subfield code="z">Horseshoe Bend.</subfield><subfield code="2">fast</subfield><subfield code="0">(OCoLC)fst01253637</subfield></datafield><datafield ind1=" " ind2=" " tag="752"><subfield code="a">United States</subfield><subfield code="b">Arkansas</subfield><subfield code="c">Izard</subfield><subfield code="d">Horseshoe Bend.</subfield></datafield><datafield ind1="1" ind2="7" tag="785"><subfield code="t">Melbourne times</subfield><subfield code="w">(DLC)sn 89051012</subfield></datafield><datafield ind1="1" ind2="7" tag="785"><subfield code="t">Calico Rock progress</subfield><subfield code="w">(DLC)sn 83003534</subfield></datafield><datafield ind1="1" ind2="7" tag="785"><subfield code="t">Times progress</subfield><subfield code="w">(DLC)sn 84007723</subfield></datafield></record>